<?xml version="1.0" encoding="UTF-8"?><collection><record><leader>06095ntm a2200553 a 4500</leader><controlfield tag="001">006813676</controlfield><controlfield tag="003">MiAaHDL</controlfield><controlfield tag="005">20190719000000.0</controlfield><controlfield tag="006">m        d        </controlfield><controlfield tag="007">cr bn ---auaua</controlfield><controlfield tag="008">090606s1488    xx            00| ||per d</controlfield><datafield tag="035" ind1=" " ind2=" "><subfield code="a">(MiU)006813676</subfield></datafield><datafield tag="035" ind1=" " ind2=" "><subfield code="a">sdr-miu006813676</subfield></datafield><datafield tag="040" ind1=" " ind2=" "><subfield code="a">MiU</subfield><subfield code="c">MiU</subfield><subfield code="e">amremm</subfield></datafield><datafield tag="043" ind1=" " ind2=" "><subfield code="a">n-us-mi</subfield></datafield><datafield tag="100" ind1="0" ind2=" "><subfield code="6">880-01</subfield><subfield code="a">Amīr Khusraw Dihlavī,</subfield><subfield code="d">approximately 1253-1325.</subfield></datafield><datafield tag="245" ind1="1" ind2="0"><subfield code="6">880-03</subfield><subfield code="a">Dīvān-i Amīr Khusraw Dihlavī,</subfield><subfield code="f">[894, i.e. 1488].</subfield></datafield><datafield tag="246" ind1="3" ind2=" "><subfield code="a">ديوان امير خسرو دهلوي</subfield></datafield><datafield tag="260" ind1=" " ind2=" "><subfield code="c">[1488].</subfield></datafield><datafield tag="300" ind1=" " ind2=" "><subfield code="a">430 leaves :</subfield><subfield code="b">paper ;</subfield><subfield code="c">255 x 175 (152 x 83) mm.</subfield></datafield><datafield tag="500" ind1=" " ind2=" "><subfield code="a">Shelfmark: Ann Arbor, University of Michigan, Special Collections Library, Isl. Ms. 313</subfield></datafield><datafield tag="500" ind1=" " ind2=" "><subfield code="a">Origin: As appears in colophon on p.862, copied and illuminated (gilded) by Murshid al-Dīn ibn Ṣadr al-Dīn al-Mudhahhib [al-Muẕahhib] with transcription completed 23 Muḥarram 894 [ca. 27 December 1488].</subfield></datafield><datafield tag="500" ind1=" " ind2=" "><subfield code="a">Former shelfmark: "164 T. De M. [i.e. Tammaro De Marinis]" inscribed in pencil on recto of front flyleaf (p.1).</subfield></datafield><datafield tag="500" ind1=" " ind2=" "><subfield code="a">Binding: Pasteboards covered in brown leather ; Type II binding (with flap) ; doublures in deep red leather with large central mandorla in leather filigree appliqué over blue paper and green silk as well as gold-painted accents and tooled border ; upper and lower covers carry exquisite stamped scalloped mandorla (filled with symmetrical vegetal composition somewhat similar to Déroche class. OSd 2 on a gold ground) and cornerpieces, along with tooled border featuring rows of s-shaped stamps ; design continues on flap ; sewn in light pink and blue thread, two stations, failing, gatherings loose ; worked chevron endbands in light green-blue and light pink, damaged, tailband gone ; overall in fairly good condition with minor staining, abrasion, etc.</subfield></datafield><datafield tag="500" ind1=" " ind2=" "><subfield code="a">Support: non-European (likely Persian or Indian) laid paper with 8 laid lines per cm. (vertical) and chains only faintly visible (possibly in pairs), sturdy and fairly thick, deep cream in color, well-sized and burnished to glossy.</subfield></datafield><datafield tag="500" ind1=" " ind2=" "><subfield code="a">Decoration: Superb illuminated frontispiece on 'title page' (p.3) consisting of a scalloped almond (mandorla) or diamond shaped medallion with gold cartouche (carrying "لصاحبه السعادة والسلامة" mainly effaced) surrounded by floral vegetal pattern in green, gold, red, yellow, white, and pink on a lapis lazuli ground, bordered in gold with blue tīgh accents ; exquisite illuminated headpiece (ʻunwān / sarlawḥ ) at opening on p.4 consisting of large rectangular piece with central almond-shaped cartouche carrying title ( "ديوان امير خسرو دهلوى" ) in white over light blue arabesque and surrounded by swirling floral vegetal design (in gold, pink, white, yellow, turquoise, etc. on fields of lapis lazuli and gold) and lozenge border reminiscent of book cover design, surmounted by a row of arabesque and floral motifs in gold, red, turquoise, pink, white, yellow, etc. on fields of gold and lapis lazuli, all surmounted by vertical stalks (tīgh) in blue ; written area surrounded by frame consisting of gold band defined by black fillets and outermost blue rule ; section headings and keywords chrysographed or in blue.</subfield></datafield><datafield tag="500" ind1=" " ind2=" "><subfield code="a">Script: Nastaʻlīq ; compact, elegant hand ; serifless, with effect of words descending to baseline, closed counters, and elongated horizontal strokes.</subfield></datafield><datafield tag="500" ind1=" " ind2=" "><subfield code="a">Layout: Written in 14 lines per page with written area often divided to two columns ; frame-ruled.</subfield></datafield><datafield tag="500" ind1=" " ind2=" "><subfield code="a">Collation: i, IV-1 (7), 52 IV(423), IV-1 (430) ; exclusively quaternions (first and last anomalous) ; catchwords present ; pagination in pencil, Western numerals, supplied during digitization (includes front flyleaf)</subfield></datafield><datafield tag="500" ind1=" " ind2=" "><subfield code="a">Colophon: "Scribal," triangular, in Arabic, reads "تمت الكتاب من كلام افصح المتكلمين وقدوة الشاعرين امير خسرو دهلوى قدس الله روحه العزيز ورحمة الله عليه والحمد لله على اتمامه والصلوة والسلام على خير خلقه محمد واله واصحابه وازواجه ذرياته في يوم السبت ثالث عشرين محرم الحرام سنه اربع وتسعين وثمانمائة كتبه وذهبه العبد الراجي الى رحمة الله الملك الواهب مرشد الدين بن صدر الدين المذهب اللهم اغفر لصاحبه ولكاتبه ولقاريه ولجميع المؤمنين والمؤمنات"</subfield></datafield><datafield tag="500" ind1=" " ind2=" "><subfield code="a">Explicit: "هر که علیکم نبگوید تمام به که سلامش نکنم و السلام"</subfield></datafield><datafield tag="500" ind1=" " ind2=" "><subfield code="a">Incipit: "حمد رانم برزبان لله رب العالمین آنکه جان بخشید در قرآن هدی للمتقین ..."</subfield></datafield><datafield tag="500" ind1=" " ind2=" "><subfield code="a">Title from illuminated headpiece at opening on p.4.</subfield></datafield><datafield tag="500" ind1=" " ind2=" "><subfield code="a">Ms. codex.</subfield></datafield><datafield tag="510" ind1="4" ind2=" "><subfield code="a">Cat. Pers. MSS. Brit. Mus.,</subfield><subfield code="c">p.609 ff.</subfield></datafield><datafield tag="520" ind1="8" ind2=" "><subfield code="a">Elegant copy of the Dīvān of Amīr Khusraw Dihlavī (d.1325).</subfield></datafield><datafield tag="538" ind1=" " ind2=" "><subfield code="a">Mode of access: Internet.</subfield></datafield><datafield tag="541" ind1=" " ind2=" "><subfield code="c">Purchase ;</subfield><subfield code="a">Acquired by purchase (funds donated by Horace Rackham).</subfield><subfield code="d">1924.</subfield></datafield><datafield tag="546" ind1=" " ind2=" "><subfield code="a">Persian.</subfield></datafield><datafield tag="561" ind1=" " ind2=" "><subfield code="a">Frontispiece on 'title page' (p.3) may have carried ex libris but inscription now effaced ; relatively clean copy.</subfield></datafield><datafield tag="650" ind1=" " ind2="0"><subfield code="a">Manuscripts, Persian</subfield><subfield code="z">Michigan</subfield><subfield code="z">Ann Arbor.</subfield></datafield><datafield tag="650" ind1=" " ind2="0"><subfield code="a">Persian poetry</subfield><subfield code="y">747-1500.</subfield></datafield><datafield tag="655" ind1=" " ind2="7"><subfield code="a">Headpieces (layout features)</subfield><subfield code="y">15th century.</subfield><subfield code="2">aat</subfield></datafield><datafield tag="700" ind1="0" ind2=" "><subfield code="a">Abdülhamid</subfield><subfield code="b">II,</subfield><subfield code="c">Sultan of the Turks,</subfield><subfield code="d">1842-1918,</subfield><subfield code="e">former owner.</subfield></datafield><datafield tag="700" ind1="0" ind2=" "><subfield code="6">880-05</subfield><subfield code="a">Murshid al-Dīn ibn Ṣadr al-Dīn al-Mudhahhib,</subfield><subfield code="d">fl. 1488,</subfield><subfield code="e">scribe,</subfield><subfield code="e">illuminator.</subfield></datafield><datafield tag="773" ind1="0" ind2=" "><subfield code="a">Abdul Hamid Collection.</subfield></datafield><datafield tag="880" ind1="0" ind2=" "><subfield code="6">700-05/</subfield><subfield code="a">مرشد الدين ابن صدر الدين المذهب,</subfield><subfield code="e">ناسخ,</subfield><subfield code="e">مذهب.</subfield></datafield><datafield tag="880" ind1="1" ind2="0"><subfield code="6">245-03/</subfield><subfield code="a">دیوان امیر خسرو دهلوی,</subfield><subfield code="f">[894ه, 1488م].</subfield></datafield><datafield tag="880" ind1="0" ind2=" "><subfield code="6">100-01/</subfield><subfield code="a">امير خسرو دهلوى.</subfield></datafield><datafield tag="CID" ind1=" " ind2=" "><subfield code="a">006813676</subfield></datafield><datafield tag="DAT" ind1="0" ind2=" "><subfield code="a">20190719102638.0</subfield><subfield code="b">20190719000000.0</subfield></datafield><datafield tag="DAT" ind1="1" ind2=" "><subfield code="a">20190719090653.0</subfield><subfield code="b">2019-07-19T16:11:59Z</subfield></datafield><datafield tag="DAT" ind1="2" ind2=" "><subfield code="a">2015-10-02T18:00:03Z</subfield></datafield><datafield tag="CAT" ind1=" " ind2=" "><subfield code="a">SDR-MIU</subfield><subfield code="d">EX LIBRIS - ALEPH</subfield><subfield code="l">prepare.pl-004-008</subfield></datafield><datafield tag="FMT" ind1=" " ind2=" "><subfield code="a">BK</subfield></datafield><datafield tag="HOL" ind1=" " ind2=" "><subfield code="0">sdr-miu006813676</subfield><subfield code="a">MiU</subfield><subfield code="b">SDR</subfield><subfield code="c">MIU</subfield><subfield code="p">mdp.39015079128586</subfield><subfield code="s">MIU</subfield><subfield code="1">006813676</subfield></datafield><datafield tag="974" ind1=" " ind2=" "><subfield code="b">MIU</subfield><subfield code="c">MIU</subfield><subfield code="d">20190719</subfield><subfield code="s">lit-dlps-dc</subfield><subfield code="u">mdp.39015079128586</subfield><subfield code="y">1488</subfield><subfield code="r">pd</subfield><subfield code="q">bib</subfield><subfield code="t">non-US bib date1 &lt; 1896</subfield></datafield></record></collection>